<?xml version = "1.0" encoding = "UTF-8"?><OAI-PMH xmlns="http://www.openarchives.org/OAI/2.0/" xmlns:xsi="http://www.w3.org/2001/XMLSchema-instance" xsi:schemaLocation="http://www.openarchives.org/OAI/2.0/ http://www.openarchives.org/OAI/2.0/OAI-PMH.xsd"><ListRecords><record><header><identifier>aleph-publish:020265483</identifier></header><metadata><record xmlns="http://www.ddb.de/professionell/mabxml/mabxml-1.xsd"><leader>00000nM2.01200024------h</leader><controlfield tag="LDR">00000nM2.01200024------h</controlfield><controlfield tag="FMT">MH</controlfield><datafield tag="001" ind1="-" ind2="1"><subfield code="a">HT018147158</subfield></datafield><datafield tag="002" ind1="a" ind2="1"><subfield code="a">20140127</subfield></datafield><datafield tag="003" ind1="-" ind2="1"><subfield code="a">20190703080524</subfield></datafield><datafield tag="020" ind1="a" ind2="1"><subfield code="a">2754074-1</subfield><subfield code="b">DNB</subfield></datafield><datafield tag="025" ind1="a" ind2="1"><subfield code="a">1046800213</subfield></datafield><datafield tag="025" ind1="z" ind2="1"><subfield code="a">2754074-1</subfield></datafield><datafield tag="025" ind1="o" ind2="1"><subfield code="a">880701122</subfield></datafield><datafield tag="026" ind1="-" ind2="1"><subfield code="a">ZDB2754074-1</subfield></datafield><controlfield tag="030">a||u|||||||27</controlfield><datafield tag="036" ind1="a" ind2="1"><subfield code="a">XA-DE</subfield></datafield><datafield tag="037" ind1="b" ind2="1"><subfield code="a">ger</subfield></datafield><controlfield tag="050">a|a|||||||||||</controlfield><controlfield tag="052">p||||||aa||||||</controlfield><datafield tag="060" ind1="-" ind2="1"><subfield code="b">txt</subfield><subfield code="a">Text</subfield></datafield><datafield tag="061" ind1="-" ind2="1"><subfield code="b">n</subfield><subfield code="a">ohne Hilfsmittel zu benutzen</subfield></datafield><datafield tag="062" ind1="-" ind2="1"><subfield code="b">nc</subfield><subfield code="a">Band</subfield></datafield><datafield tag="064" ind1="a" ind2="1"><subfield code="a">Zeitschrift</subfield><subfield code="9">(DE-588)4067488-5</subfield></datafield><datafield tag="070" ind1="-" ind2="1"><subfield code="a">1141</subfield></datafield><datafield tag="070" ind1="a" ind2="1"><subfield code="a">DNB</subfield></datafield><datafield tag="070" ind1="b" ind2="1"><subfield code="a">0005</subfield></datafield><datafield tag="200" ind1="-" ind2="1"><subfield code="k">&lt;&lt;Die&gt;&gt; Ehrenfelder, Gemeinnützige Wohnungsgenossenschaft</subfield><subfield code="9">(DE-588)2078024-2</subfield></datafield><datafield tag="201" ind1="-" ind2="1"><subfield code="k">Gemeinnützige Wohnungsgenossenschaft</subfield><subfield code="h">Köln-Ehrenfeld</subfield></datafield><datafield tag="201" ind1="-" ind2="1"><subfield code="k">&lt;&lt;Die&gt;&gt; Ehrenfelder, Gemeinnützige Wohnungsgenossenschaft eG</subfield></datafield><datafield tag="201" ind1="-" ind2="1"><subfield code="k">Gemeinnützige Wohnungsgenossenschaft eG</subfield><subfield code="h">Köln-Ehrenfeld</subfield></datafield><datafield tag="201" ind1="-" ind2="1"><subfield code="k">Gemeinnützige Wohnungsgenossenschaft Ehrenfeld</subfield></datafield><datafield tag="331" ind1="-" ind2="1"><subfield code="a">Jahresabschluss und Lagebericht</subfield></datafield><datafield tag="333" ind1="-" ind2="1"><subfield code="a">Die Ehrenfelder, Gemeinnützige Wohnungsgenossenschaft eG</subfield></datafield><datafield tag="405" ind1="-" ind2="1"><subfield code="a">1990-</subfield></datafield><datafield tag="406" ind1="b" ind2="1"><subfield code="j">1990</subfield></datafield><datafield tag="419" ind1="-" ind2="1"><subfield code="a">Köln</subfield><subfield code="b">&lt;&lt;Die&gt;&gt; Ehrenfelder, Gemeinnützige Wohnungsgenossenschaft</subfield><subfield code="c">1991-</subfield><subfield code="A">3</subfield></datafield><datafield tag="425" ind1="b" ind2="1"><subfield code="a">1991</subfield></datafield><datafield tag="435" ind1="-" ind2="1"><subfield code="a">30 cm</subfield></datafield><datafield tag="523" ind1="-" ind2="1"><subfield code="a">Ersch. jährl.</subfield></datafield><datafield tag="574" ind1="-" ind2="1"><subfield code="a">14,B22</subfield></datafield><datafield tag="700" ind1="-" ind2="1"><subfield code="a">330</subfield><subfield code="2">DNB</subfield></datafield><datafield tag="700" ind1="-" ind2="1"><subfield code="a">330</subfield><subfield code="2">ZDB</subfield></datafield><datafield tag="776" ind1="-" ind2="1"><subfield code="i">Erscheint auch als</subfield><subfield code="n">Online-Ausgabe</subfield><subfield code="a">&lt;&lt;Die&gt;&gt; Ehrenfelder, Gemeinnützige Wohnungsgenossenschaft</subfield><subfield code="t">Jahresabschluss und Lagebericht</subfield><subfield code="d">Köln : Die Ehrenfelder, Gemeinnützige Wohungsgenossenschaft eG, [2008?]-</subfield><subfield code="h">Online-Ressource</subfield><subfield code="9">HT020123619</subfield></datafield><datafield tag="780" ind1="-" ind2="1"><subfield code="i">Fortsetzung von</subfield><subfield code="a">&lt;&lt;Die&gt;&gt; Ehrenfelder, Gemeinnützige Wohnungsgenossenschaft</subfield><subfield code="t">Geschäftsbericht ...</subfield><subfield code="d">Köln : Gemeinnützige Wohnungsgenossenschaft Ehrenfeld, [1981?]-1990</subfield><subfield code="A">0</subfield><subfield code="9">HT019995215</subfield></datafield><controlfield tag="SYS">020265483</controlfield><datafield tag="LOW" ind1="-" ind2="1"><subfield code="a">K1010</subfield></datafield><datafield tag="088" ind1=" " ind2=" "><subfield code="a">38/106</subfield><subfield code="c">L1/64</subfield><subfield code="d">1990(1991) - 2002(2003)</subfield></datafield><datafield tag="200" ind1=" " ind2="9"><subfield code="0">1</subfield><subfield code="b">1990(1991) - 2002(2003)</subfield><subfield code="e">vormals 38/102</subfield><subfield code="f">L1/64</subfield><subfield code="2">K1010</subfield></datafield></record></metadata></record></ListRecords></OAI-PMH>